<record><leader>00000cas a22000007a 4500</leader><controlfield tag="001">28825765</controlfield><controlfield tag="008">930915d192619uuncuwr ne      0    0eng d</controlfield><datafield ind1=" " ind2=" " tag="010"><subfield code="a">sn 93064794 </subfield></datafield><datafield ind1=" " ind2=" " tag="040"><subfield code="a">NVJ</subfield><subfield code="b">eng</subfield><subfield code="c">NVJ</subfield><subfield code="d">OCLCQ</subfield><subfield code="d">OCLCF</subfield><subfield code="d">OCLCO</subfield></datafield><datafield ind1="1" ind2=" " tag="029"><subfield code="a">AU@</subfield><subfield code="b">000025882594</subfield></datafield><datafield ind1=" " ind2=" " tag="042"><subfield code="a">msc</subfield></datafield><datafield ind1=" " ind2=" " tag="043"><subfield code="a">n-us-nc</subfield></datafield><datafield ind1="0" ind2=" " tag="130"><subfield code="a">Mount Airy times (Mount Airy, N.C. : 1929)</subfield></datafield><datafield ind1="1" ind2="0" tag="245"><subfield code="a">Mount Airy times.</subfield></datafield><datafield ind1=" " ind2=" " tag="260"><subfield code="a">Mount Airy, N.C. :</subfield><subfield code="b">Mount Airy Times Pub. Co.</subfield></datafield><datafield ind1=" " ind2=" " tag="300"><subfield code="a">v.</subfield></datafield><datafield ind1=" " ind2=" " tag="310"><subfield code="a">Weekly</subfield></datafield><datafield ind1="1" ind2=" " tag="362"><subfield code="a">Began in 1926.</subfield></datafield><datafield ind1=" " ind2=" " tag="588"><subfield code="a">Description based on: Vol. 4, no. 3 (July 4, 1929).</subfield></datafield><datafield ind1=" " ind2="0" tag="651"><subfield code="a">Mount Airy (N.C.)</subfield><subfield code="v">Newspapers.</subfield></datafield><datafield ind1=" " ind2="0" tag="651"><subfield code="a">Surry County (N.C.)</subfield><subfield code="v">Newspapers.</subfield></datafield><datafield ind1=" " ind2="7" tag="655"><subfield code="a">Newspapers.</subfield><subfield code="2">fast</subfield><subfield code="0">(OCoLC)fst01423814</subfield></datafield><datafield ind1=" " ind2="7" tag="651"><subfield code="a">North Carolina</subfield><subfield code="z">Mount Airy.</subfield><subfield code="2">fast</subfield><subfield code="0">(OCoLC)fst01226247</subfield></datafield><datafield ind1=" " ind2="7" tag="651"><subfield code="a">North Carolina</subfield><subfield code="z">Surry County.</subfield><subfield code="2">fast</subfield><subfield code="0">(OCoLC)fst01209301</subfield></datafield><datafield ind1=" " ind2=" " tag="752"><subfield code="a">United States</subfield><subfield code="b">North Carolina</subfield><subfield code="c">Surry</subfield><subfield code="d">Mount Airy.</subfield></datafield></record>